@book{Evans2010,
  title = {Partial {{Differential Equations}}},
  author = {Evans, Lawrence C.},
  year = {2010},
  month = mar,
  publisher = {{American Mathematical Society}},
  googlebooks = {Ott1EAAAQBAJ},
  isbn = {978-1-4704-6942-9},
  langid = {english}
}
