@book{jost08,
  title={Riemannian Geometry and Geometric Analysis},
  author={Jost, J.},
  isbn={9783540773412},
  lccn={2008921366},
  series={Universitext},
  url={https://books.google.com/books?id=Z02dYgJAljsC},
  year={2008},
  publisher={Springer Berlin Heidelberg}
}

@book{lee19,
  title={Introduction to Riemannian Manifolds},
  author={Lee, J.M.},
  isbn={9783319917542},
  series={Graduate Texts in Mathematics},
  url={https://books.google.com/books?id=UIPltQEACAAJ},
  year={2019},
  publisher={Springer International Publishing}
}

@book{bleecker13,
  title={Gauge Theory and Variational Principles},
  author={Bleecker, D.},
  isbn={9780486151878},
  series={Dover Books on Mathematics},
  url={https://books.google.com/books?id=SFLCAgAAQBAJ},
  year={2013},
  publisher={Dover Publications}
}

@book{morgan,
  title={Gauge Theory and the Topology of Four-Manifolds},
  author={Robert Friedman, J.W. Morgan},
  isbn={9780821886861},
  url={https://books.google.com/books?id=QPmQgAnHgU4C},
  publisher={American Mathematical Soc.}
}

@misc{OhTataru,
  doi = {10.48550/ARXIV.1709.08606},
  url = {https://arxiv.org/abs/1709.08606},
  author = {Oh, Sung-Jin and Tataru, Daniel},
  keywords = {Analysis of PDEs (math.AP), FOS: Mathematics, FOS: Mathematics, 35L71, 70S15, 81R20},
  title = {The threshold conjecture for the energy critical hyperbolic Yang--Mills equation},
  publisher = {arXiv},
  year = {2017},
  copyright = {arXiv.org perpetual, non-exclusive license}
}

@phdthesis{Grinis,
  edition = {},
  number = {},
  journal = {},
  pages = {},
  publisher = {University of Oxford},
  school = {University of Oxford},
  title = {On the soliton resolution conjecture for wave maps},
  volume = {},
  author = {Grinis, R},
  editor = {},
  year = {2016},
  series = {}
}
