@inproceedings{Seeley64,
  title={Extension of $C^{\infty}$ functions defined in a half space},
  author={Robert T. Seeley},
  year={1964}
}

@book{Stein16,
  title={Singular Integrals and Differentiability Properties of Functions (PMS-30), Volume 30},
  author={Stein, E.M.},
  isbn={9781400883882},
  series={Princeton Mathematical Series},
  url={https://books.google.com/books?id=\_9wDDAAAQBAJ},
  year={2016},
  publisher={Princeton University Press}
}


@book{Tao2006,
  title = {Nonlinear {{Dispersive Equations}}: {{Local}} and {{Global Analysis}}},
  shorttitle = {Nonlinear {{Dispersive Equations}}},
  author = {Tao, Terence},
  year = {2006},
  publisher = {{American Mathematical Soc.}},
  googlebooks = {pUDiDgAAQBAJ},
  isbn = {978-0-8218-4143-3},
  langid = {english}
}
