@inproceedings{Seeley64,
  title={Extension of $C^{\infty}$ functions defined in a half space},
  author={Robert T. Seeley},
  year={1964}
}

@book{Stein16,
  title={Singular Integrals and Differentiability Properties of Functions (PMS-30), Volume 30},
  author={Stein, E.M.},
  isbn={9781400883882},
  series={Princeton Mathematical Series},
  url={https://books.google.com/books?id=\_9wDDAAAQBAJ},
  year={2016},
  publisher={Princeton University Press}
}


@book{Tao2006,
  title = {Nonlinear {{Dispersive Equations}}: {{Local}} and {{Global Analysis}}},
  shorttitle = {Nonlinear {{Dispersive Equations}}},
  author = {Tao, Terence},
  year = {2006},
  publisher = {{American Mathematical Soc.}},
  googlebooks = {pUDiDgAAQBAJ},
  isbn = {978-0-8218-4143-3},
  langid = {english}
}

@article{KillipVisan2019,
  title = {{{KdV}} Is Well-Posed in \${{H}}{\textasciicircum}\{-1\}\$},
  author = {Killip, Rowan and Vi{\c s}an, Monica},
  year = {2019},
  month = jul,
  journal = {Annals of Mathematics},
  volume = {190},
  number = {1},
  issn = {0003-486X},
  doi = {10.4007/annals.2019.190.1.4},
  urldate = {2024-07-15},
  langid = {english}
}

@article{KenigEtAl1996a,
  title = {A {{Bilinear Estimate}} with {{Applications}} to the {{KdV Equation}}},
  author = {Kenig, Carlos E. and Ponce, Gustavo and Vega, Luis},
  year = {1996},
  journal = {Journal of the American Mathematical Society},
  volume = {9},
  number = {2},
  eprint = {2152869},
  eprinttype = {jstor},
  pages = {573--603},
  publisher = {American Mathematical Society},
  issn = {0894-0347},
  urldate = {2025-02-23}
}

@article{CollianderEtAl2003,
  title = {Sharp Global Well-Posedness for {{KdV}} and Modified {{KdV}} on {{$\mathbb{R}$}} and {$\mathbb{T}$}},
  author = {Colliander, J. and Keel, M. and Staffilani, G. and Takaoka, H. and Tao, T.},
  year = {2003},
  month = jul,
  journal = {Journal of the American Mathematical Society},
  volume = {16},
  number = {3},
  pages = {705--749},
  issn = {0894-0347, 1088-6834},
  doi = {10.1090/S0894-0347-03-00421-1},
  urldate = {2025-02-23},
  langid = {english}
}

@article{Talbot1836,
  title = {Facts Relating to Optical Science.},
  author = {Talbot, H.F.},
  year = {1836},
  month = dec,
  journal = {The London, Edinburgh, and Dublin Philosophical Magazine and Journal of Science},
  volume = {9},
  number = {56},
  pages = {401--407},
  publisher = {Taylor \& Francis},
  issn = {1941-5966},
  doi = {10.1080/14786443608649032},
  urldate = {2025-02-24}
}


@book{ErdoganTzirakis2016,
  title = {Dispersive Partial Differential Equations: Wellposedness and Applications},
  shorttitle = {Dispersive Partial Differential Equations},
  author = {Erdogan, M. Burak and Tzirakis, Nikolaos},
  year = {2016},
  series = {London Mathematical Society Student Texts},
  number = {86},
  publisher = {Cambridge University Press},
  address = {Cambridge, United Kingdom},
  isbn = {978-1-107-14904-5 978-1-316-60293-5},
  langid = {english},
  lccn = {QA377 .E73 2016}
}



@article{Bourgain1993,
  title = {{Fourier Transform Restriction Phenomena for Certain Lattice Subsets and Applications to Nonlinear Evolution Equations, Part II: The KDV Equation.}},
  shorttitle = {{Fourier Transform Restriction Phenomena for Certain Lattice Subsets and Applications to Nonlinear Evolution Equations, Part II}},
  author = {Bourgain, J.},
  year = {1993},
  journal = {Geometric and functional analysis},
  volume = {3},
  number = {3},
  pages = {209--262},
  issn = {1016-443X; 1420-8970/e},
  urldate = {2024-07-31},
  langid = {und}
}


@article{BabinEtAl2011,
  title = {On the Regularization Mechanism for the Periodic {{Korteweg}}--de {{Vries}} Equation},
  author = {Babin, Anatoli V. and Ilyin, Alexei A. and Titi, Edriss S.},
  year = {2011},
  journal = {Communications on Pure and Applied Mathematics},
  volume = {64},
  number = {5},
  pages = {591--648},
  issn = {1097-0312},
  doi = {10.1002/cpa.20356},
  urldate = {2024-06-06},
  copyright = {Copyright {\copyright} 2010 Wiley Periodicals, Inc.},
  langid = {english}
}


@article{ChenOlver2013,
  title = {Numerical Simulation of Nonlinear Dispersive Quantization},
  author = {Chen, Gong and Olver, Peter J.},
  year = {Thu Aug 01 00:00:00 UTC 2013},
  journal = {Discrete and Continuous Dynamical Systems},
  volume = {34},
  number = {3},
  pages = {991--1008},
  publisher = {{Discrete and Continuous Dynamical Systems}},
  issn = {1078-0947},
  doi = {10.3934/dcds.2014.34.991},
  urldate = {2025-02-22},
  copyright = {http://creativecommons.org/licenses/by/3.0/},
  langid = {english}
}

@article{ChousionisEtAl2015,
  title = {Fractal Solutions of Linear and Nonlinear Dispersive Partial Differential Equations},
  author = {Chousionis, Vasilis and Erdo{\u g}an, M. Burak and Tzirakis, Nikolaos},
  year = {2015},
  journal = {Proceedings of the London Mathematical Society},
  volume = {110},
  number = {3},
  pages = {543--564},
  issn = {1460-244X},
  doi = {10.1112/plms/pdu061},
  urldate = {2025-02-12},
  copyright = {{\copyright} 2014 London Mathematical Society},
  langid = {english}
}

@article{ErdoganTzirakis2013,
  title = {Global {{Smoothing}} for the {{Periodic KdV Evolution}}},
  author = {Erdo{\u g}an, Mehmet Burak and Tzirakis, Nikolaos},
  year = {2013},
  month = jan,
  journal = {International Mathematics Research Notices},
  volume = {2013},
  number = {20},
  pages = {4589--4614},
  issn = {1073-7928},
  doi = {10.1093/imrn/rns189},
  urldate = {2025-02-22}
}

@book{GoncharSaff1992,
  title = {Progress in {{Approximation Theory}}: {{An International Perspective}}},
  shorttitle = {Progress in {{Approximation Theory}}},
  editor = {Gonchar, A. A. and Saff, E. B.},
  year = {1992},
  series = {Springer {{Series}} in {{Computational Mathematics}}},
  volume = {19},
  publisher = {Springer New York},
  address = {New York, NY},
  doi = {10.1007/978-1-4612-2966-7},
  urldate = {2025-02-12},
  copyright = {https://www.springernature.com/gp/researchers/text-and-data-mining},
  isbn = {978-1-4612-7737-8 978-1-4612-2966-7},
  langid = {english}
}

@incollection{KapitanskiRodnianski1999,
  title = {Does a {{Quantum Particle Know}} the {{Time}}?},
  booktitle = {Emerging {{Applications}} of {{Number Theory}}},
  author = {Kapitanski, Lev and Rodnianski, Igor},
  editor = {Hejhal, Dennis A. and Friedman, Joel and Gutzwiller, Martin C. and Odlyzko, Andrew M.},
  year = {1999},
  pages = {355--371},
  publisher = {Springer},
  address = {New York, NY},
  doi = {10.1007/978-1-4612-1544-8_14},
  urldate = {2025-02-16},
  isbn = {978-1-4612-1544-8},
  langid = {english}
}

@article{RoussetSchratz2022,
  title = {Convergence Error Estimates at Low Regularity for Time Discretizations of {{KdV}}},
  author = {Rousset, Fr{\'e}d{\'e}ric and Schratz, Katharina},
  year = {2022},
  month = apr,
  journal = {Pure and Applied Analysis},
  volume = {4},
  number = {1},
  pages = {127--152},
  publisher = {Mathematical Sciences Publishers},
  issn = {2578-5885},
  doi = {10.2140/paa.2022.4.127},
  urldate = {2025-02-22}
}

@article{RoussetSchratz2024,
  title = {Resonances as a {{Computational Tool}}},
  author = {Rousset, Fr{\'e}d{\'e}ric and Schratz, Katharina},
  year = {2024},
  month = jul,
  journal = {Foundations of Computational Mathematics},
  issn = {1615-3383},
  doi = {10.1007/s10208-024-09665-8},
  urldate = {2025-02-22},
  langid = {english}
}

@article{Olver2010,
  title = {Dispersive {{Quantization}}},
  author = {Olver, Peter J.},
  year = {2010},
  month = aug,
  journal = {The American Mathematical Monthly},
  volume = {117},
  number = {7},
  pages = {599--610},
  publisher = {Taylor \& Francis},
  issn = {0002-9890},
  doi = {10.4169/000298910X496723},
  urldate = {2025-02-22}
}

@article{HofmanovaSchratz2017,
  title = {An Exponential-Type Integrator for the {{KdV}} Equation},
  author = {Hofmanov{\'a}, Martina and Schratz, Katharina},
  year = {2017},
  month = aug,
  journal = {Numerische Mathematik},
  volume = {136},
  number = {4},
  pages = {1117--1137},
  publisher = {Springer Berlin Heidelberg},
  issn = {0945-3245},
  doi = {10.1007/s00211-016-0859-1},
  urldate = {2025-02-22},
  copyright = {2016 Springer-Verlag Berlin Heidelberg},
  langid = {english}
}
