@book{Duoandikoetxea2001,
  title = {Fourier {{Analysis}}},
  author = {Duoandikoetxea, Javier},
  year = {2001},
  publisher = {{American Mathematical Soc.}},
  googlebooks = {6fgRCgAAQBAJ},
  isbn = {978-0-8218-2172-5},
  langid = {english}
}

@book{Stein1970,
  title={Singular Integrals and Differentiability Properties of Functions (PMS-30), Volume 30},
  author={Stein, E.M.},
  isbn={9781400883882},
  series={Princeton Mathematical Series},
  year={2016},
  publisher={Princeton University Press}
}

@book{Stein1993,
  title = {Harmonic {{Analysis}}: {{Real-variable Methods}}, {{Orthogonality}}, and {{Oscillatory Integrals}}},
  shorttitle = {Harmonic {{Analysis}}},
  author = {Stein, Elias M.},
  editor = {Murphy, Timothy S.},
  year = {1993},
  month = aug,
  publisher = {{Princeton University Press}},
  googlebooks = {ljcOSMK7t0EC},
  isbn = {978-0-691-03216-0},
  langid = {english}
}

@article{Riesz1932,
  title = {Sur Un {{Th\'eor\`eme}} de {{Maximum}} de {{Mm}}. {{Hardy}} et {{Littlewood}}},
  author = {Riesz, Fr{\'e}d{\'e}ric},
  year = {1932},
  month = jan,
  journal = {Journal of the London Mathematical Society},
  volume = {s1-7},
  number = {1},
  pages = {10--13},
  issn = {0024-6107},
  doi = {10.1112/jlms/s1-7.1.10},
  urldate = {2023-07-25}
}

