@inproceedings{Seeley64,
  title={Extension of $C^{\infty}$ functions defined in a half space},
  author={Robert T. Seeley},
  year={1964}
}

@book{Evans2022,
  title = {Partial {{Differential Equations}}},
  author = {Evans, Lawrence C.},
  year = {2022},
  month = mar,
  publisher = {{American Mathematical Society}},
  isbn = {978-1-4704-6942-9},
  langid = {english}
}


@book{Stein16,
  title={Singular Integrals and Differentiability Properties of Functions (PMS-30), Volume 30},
  author={Stein, E.M.},
  isbn={9781400883882},
  series={Princeton Mathematical Series},
  year={2016},
  publisher={Princeton University Press}
}

@article{Hedberg,
 ISSN = {00029939, 10886826},
 URL = {http://www.jstor.org/stable/2039187},
 author = {Lars Inge Hedberg},
 journal = {Proceedings of the American Mathematical Society},
 number = {2},
 pages = {505--510},
 publisher = {American Mathematical Society},
 title = {On Certain Convolution Inequalities},
 volume = {36},
 year = {1972}
}

@misc{Oh222,
	title = {Lecture notes for Math 222A},
	author ={Sung-Jin Oh},
	year = {2019},
	url = {https://math.berkeley.edu/~sjoh/pdfs/notes-math222a.pdf}
}