@article{Bethuel1993,
  title = {On the Singular Set of Stationary Harmonic Maps},
  author = {Bethuel, Fabrice},
  year = {1993},
  month = dec,
  journal = {manuscripta mathematica},
  volume = {78},
  number = {1},
  pages = {417--443},
  issn = {1432-1785},
  doi = {10.1007/BF02599324},
  urldate = {2023-04-27},
  langid = {english}
}

@article{Riviere1995,
  title = {Everywhere Discontinuous Harmonic Maps into Spheres},
  author = {Rivi{\`e}re, Tristan},
  year = {1995},
  month = sep,
  journal = {Acta Mathematica},
  volume = {175},
  number = {2},
  pages = {197--226},
  issn = {1871-2509},
  doi = {10.1007/BF02393305},
  urldate = {2023-05-11},
  langid = {english}
}

@misc{White1991,
  title = {Nonunique Tangent Maps at Isolated Singularities of Harmonic Maps},
  author = {White, Brian},
  year = {1991},
  month = dec,
  number = {arXiv:math/9201270},
  eprint = {math/9201270},
  publisher = {{arXiv}},
  doi = {10.48550/arXiv.math/9201270},
  urldate = {2023-05-11},
  archiveprefix = {arxiv}
}


@misc{Lin1999,
  title = {Gradient Estimates and Blow-up Analysis for Stationary Harmonic Maps},
  author = {Lin, Fang-Hua},
  year = {1999},
  month = apr,
  number = {arXiv:math/9905214},
  eprint = {math/9905214},
  publisher = {{arXiv}},
  doi = {10.48550/arXiv.math/9905214},
  urldate = {2023-02-07},
  archiveprefix = {arxiv}
}

@article{SchoenUhlenbeck1982,
  title = {A Regularity Theory for Harmonic Maps},
  author = {Schoen, Richard and Uhlenbeck, Karen},
  year = {1982},
  month = jan,
  journal = {Journal of Differential Geometry},
  volume = {17},
  number = {2},
  pages = {307--335},
  publisher = {{Lehigh University}},
  issn = {0022-040X},
  doi = {10.4310/jdg/1214436923},
  urldate = {2023-02-07}
}




@article{CheegerNaber2013,
  title = {Quantitative {{Stratification}} and the {{Regularity}} of {{Harmonic Maps}} and {{Minimal Currents}}},
  author = {Cheeger, Jeff and Naber, Aaron},
  year = {2013},
  journal = {Communications on Pure and Applied Mathematics},
  volume = {66},
  number = {6},
  pages = {965--990},
  issn = {1097-0312},
  doi = {10.1002/cpa.21446},
  urldate = {2023-02-10},
  langid = {english}
}

@book{Helein2002,
  title = {Harmonic {{Maps}}, {{Conservation Laws}} and {{Moving Frames}}},
  author = {H{\'e}lein, Fr{\'e}d{\'e}ric},
  year = {2002},
  series = {Cambridge {{Tracts}} in {{Mathematics}}},
  edition = {Second},
  publisher = {{Cambridge University Press}},
  address = {{Cambridge}},
  doi = {10.1017/CBO9780511543036},
  urldate = {2023-02-07},
  isbn = {978-0-521-81160-6}
}

@book{Simon1996,
  title = {Theorems on {{Regularity}} and {{Singularity}} of {{Energy Minimizing Maps}}},
  author = {Simon, Leon},
  year = {1996},
  publisher = {{Birkh\"auser}},
  address = {{Basel}},
  doi = {10.1007/978-3-0348-9193-6},
  urldate = {2023-04-27},
  isbn = {978-3-7643-5397-1 978-3-0348-9193-6},
  langid = {english}
}


