@article{BrezisMironescu2001,
  title = {Gagliardo-{{Nirenberg}}, Composition and Products in Fractional {{Sobolev}} Spaces},
  author = {Brezis, Ha{\"i}m and Mironescu, Petru},
  year = {2001},
  month = dec,
  journal = {Journal of Evolution Equations},
  volume = {1},
  number = {4},
  pages = {387--404},
  issn = {1424-3199},
  doi = {10.1007/PL00001378},
  urldate = {2023-07-10},
  langid = {english}
}

@book{Triebel1983,
  title = {Theory of {{Function Spaces}}},
  author = {Triebel, Hans},
  year = {1983},
  publisher = {{Springer}},
  address = {{Basel}},
  doi = {10.1007/978-3-0346-0416-1},
  urldate = {2023-06-20},
  isbn = {978-3-0346-0415-4 978-3-0346-0416-1},
  langid = {english}
}

@book{Duoandikoetxea2001,
  title = {Fourier {{Analysis}}},
  author = {Duoandikoetxea, Javier},
  year = {2001},
  publisher = {{American Mathematical Soc.}},
  googlebooks = {6fgRCgAAQBAJ},
  isbn = {978-0-8218-2172-5},
  langid = {english}
}

@book{BahouriEtAl2011,
  title = {Fourier {{Analysis}} and {{Nonlinear Partial Differential Equations}}},
  author = {Bahouri, Hajer and Chemin, Jean-Yves and Danchin, Rapha{\"e}l},
  year = {2011},
  series = {Grundlehren Der Mathematischen {{Wissenschaften}}},
  volume = {343},
  publisher = {{Springer}},
  address = {{Berlin, Heidelberg}},
  doi = {10.1007/978-3-642-16830-7},
  urldate = {2023-02-07},
  isbn = {978-3-642-16829-1 978-3-642-16830-7},
  langid = {english}
}

@book{WangEtAl2011,
  title = {Harmonic {{Analysis Method}} for {{Nonlinear Evolution Equations}}, {{I}}},
  author = {Wang, Baoxiang and Huo, Zhaohui and Hao, Chengchun and Guo, Zihua},
  year = {2011},
  publisher = {{World Scientific}},
  googlebooks = {11O6CgAAQBAJ},
  isbn = {978-981-4360-74-6},
  langid = {english}
}

@book{Grafakos2014a,
  title = {Modern {{Fourier Analysis}}},
  author = {Grafakos, Loukas},
  year = {2014},
  series = {Graduate {{Texts}} in {{Mathematics}}},
  volume = {250},
  publisher = {{Springer}},
  address = {{New York, NY}},
  doi = {10.1007/978-1-4939-1230-8},
  urldate = {2023-06-26},
  isbn = {978-1-4939-1229-2 978-1-4939-1230-8},
  langid = {english}
}



@book{Stein1970,
  title={Singular Integrals and Differentiability Properties of Functions (PMS-30), Volume 30},
  author={Stein, E.M.},
  isbn={9781400883882},
  series={Princeton Mathematical Series},
  url={https://books.google.com/books?id=\_9wDDAAAQBAJ},
  year={2016},
  publisher={Princeton University Press}
}

@article{Hedberg,
 ISSN = {00029939, 10886826},
 URL = {http://www.jstor.org/stable/2039187},
 author = {Lars Inge Hedberg},
 journal = {Proceedings of the American Mathematical Society},
 number = {2},
 pages = {505--510},
 publisher = {American Mathematical Society},
 title = {On Certain Convolution Inequalities},
 volume = {36},
 year = {1972}
}
