@article{HagelJones,
 ISSN = {00029939, 10886826},
 URL = {http://www.jstor.org/stable/4097840},
 abstract = {Let T denote the unit circle. An example of a sublinear translation-invariant operator T acting on $L^{1} (\mathbb{T})$ is given such that T is of restricted weak type (1, 1) but not of weak type (1, 1).},
 author = {Paul A. Hagelstein and Roger L. Jones},
 journal = {Proceedings of the American Mathematical Society},
 number = {1},
 pages = {185--190},
 publisher = {American Mathematical Society},
 title = {On Restricted Weak Type (1, 1): The Continuous Case},
 urldate = {2022-09-08},
 volume = {133},
 year = {2005}
}

@article{Hunt,
author = {Richard A. Hunt},
title = {{An extension of the Marcinkiewicz interpolation theorem to Lorentz spaces}},
volume = {70},
journal = {Bulletin of the American Mathematical Society},
number = {6},
publisher = {American Mathematical Society},
pages = {803 -- 807},
year = {1964},
doi = {bams/1183526338},
URL = {https://doi.org/}
}

@book{Grafakos2014,
  title = {Classical {{Fourier Analysis}}},
  author = {Grafakos, Loukas},
  year = {2014},
  series = {Graduate {{Texts}} in {{Mathematics}}},
  volume = {249},
  publisher = {{Springer}},
  address = {{New York, NY}},
  doi = {10.1007/978-1-4939-1194-3},
  urldate = {2023-06-26},
  isbn = {978-1-4939-1193-6 978-1-4939-1194-3},
  langid = {english}
}



@misc{Tao2006,
author = {Terence Tao},
title = {Lecture notes 1 for 247A},
year = {2006}
}
