@article{Kato1984,
author = {Kato, Tosio},
journal = {Mathematische Zeitschrift},
keywords = {local existence; uniqueness; decays; Leray's structure theorem; turbulent solutions},
pages = {471-480},
title = {Strong Lp-Solutions of the Navier-Stokes Equation in Rm, with Applications to Weak Solutions.},
url = {http://eudml.org/doc/173504},
volume = {187},
year = {1984},
}

@article{KenigKoch2011,
  title = {An Alternative Approach to Regularity for the {{Navier}}{\textendash}{{Stokes}} Equations in Critical Spaces},
  author = {Kenig, Carlos E. and Koch, Gabriel S.},
  year = {2011},
  journal = {Annales de l'I.H.P. Analyse non lin{\'e}aire},
  volume = {28},
  number = {2},
  pages = {159--187},
  issn = {1873-1430},
  doi = {10.1016/j.anihpc.2010.10.004},
  urldate = {2023-08-25},
  langid = {english}
}

@article{KochTataru2001,
  title = {Well-Posedness for the {{Navier}}{\textendash}{{Stokes Equations}}},
  author = {Koch, Herbert and Tataru, Daniel},
  year = {2001},
  month = jan,
  journal = {Advances in Mathematics},
  volume = {157},
  number = {1},
  pages = {22--35},
  issn = {0001-8708},
  doi = {10.1006/aima.2000.1937},
  urldate = {2024-02-19}
}
@article{Palasek2021,
  title = {Improved Quantitative Regularity for the {{Navier-Stokes}} Equations in a Scale of Critical Spaces},
  author = {Palasek, Stan},
  year = {2021},
  month = dec,
  journal = {Archive for Rational Mechanics and Analysis},
  volume = {242},
  number = {3},
  eprint = {2101.08586},
  primaryclass = {math},
  pages = {1479--1531},
  issn = {0003-9527, 1432-0673},
  doi = {10.1007/s00205-021-01709-5},
  urldate = {2023-05-24},
  archiveprefix = {arxiv}
}


@article{Lin1998,
  title = {A New Proof of the {{Caffarelli-Kohn-Nirenberg}} Theorem},
  author = {Lin, Fanghua},
  year = {1998},
  journal = {Communications on Pure and Applied Mathematics},
  volume = {51},
  number = {3},
  pages = {241--257},
  issn = {1097-0312},
  doi = {10.1002/(SICI)1097-0312(199803)51:3<241::AID-CPA2>3.0.CO;2-A},
  urldate = {2023-03-17},
  langid = {english}
}


@article{CaffarelliEtAl1982,
  title = {Partial Regularity of Suitable Weak Solutions of the Navier-Stokes Equations},
  author = {Caffarelli, L. and Kohn, R. and Nirenberg, L.},
  year = {1982},
  journal = {Communications on Pure and Applied Mathematics},
  volume = {35},
  number = {6},
  pages = {771--831},
  issn = {1097-0312},
  doi = {10.1002/cpa.3160350604},
  urldate = {2023-03-15},
  langid = {english}
}


@article{BourgainPavlovic2008,
  title = {Ill-Posedness of the {{Navier}}{\textendash}{{Stokes}} Equations in a Critical Space in {{3D}}},
  author = {Bourgain, Jean and Pavlovi{\'c}, Nata{\v s}a},
  year = {2008},
  month = nov,
  journal = {Journal of Functional Analysis},
  series = {Special Issue Dedicated to {{Paul Malliavin}}},
  volume = {255},
  number = {9},
  pages = {2233--2247},
  issn = {0022-1236},
  doi = {10.1016/j.jfa.2008.07.008},
  urldate = {2024-02-19}
}

@article{SterbenzTataru2010a,
  title = {Energy {{Dispersed Large Data Wave Maps}} in 2~+~1 {{Dimensions}}},
  author = {Sterbenz, Jacob and Tataru, Daniel},
  year = {2010},
  month = aug,
  journal = {Communications in Mathematical Physics},
  volume = {298},
  number = {1},
  pages = {139--230},
  issn = {1432-0916},
  doi = {10.1007/s00220-010-1061-4},
  urldate = {2023-09-08},
  langid = {english}
}



@article{GallagherEtAl2013,
  title = {A Profile Decomposition Approach to the \$\${{L}}\^{\textbackslash}infty \_t({{L}}\^\{3\}\_x)\$\${{Navier}}{\textendash}{{Stokes}} Regularity Criterion},
  author = {Gallagher, Isabelle and Koch, Gabriel S. and Planchon, Fabrice},
  year = {2013},
  month = apr,
  journal = {Mathematische Annalen},
  volume = {355},
  number = {4},
  pages = {1527--1559},
  issn = {1432-1807},
  doi = {10.1007/s00208-012-0830-0},
  urldate = {2023-08-25},
  langid = {english}
}

@misc{Tao2020,
  title = {Quantitative Bounds for Critically Bounded Solutions to the {{Navier-Stokes}} Equations},
  author = {Tao, Terence},
  year = {2020},
  month = jul,
  number = {arXiv:1908.04958},
  eprint = {1908.04958},
  primaryclass = {math},
  publisher = {{arXiv}},
  doi = {10.48550/arXiv.1908.04958},
  urldate = {2023-06-06},
  archiveprefix = {arxiv}
}


@book{BedrossianVicol2022,
  title = {The {{Mathematical Analysis}} of the {{Incompressible Euler}} and {{Navier-Stokes Equations}}: {{An Introduction}}},
  shorttitle = {The {{Mathematical Analysis}} of the {{Incompressible Euler}} and {{Navier-Stokes Equations}}},
  author = {Bedrossian, Jacob and Vicol, Vlad},
  year = {2022},
  month = sep,
  publisher = {{American Mathematical Society}},
  googlebooks = {Px6bEAAAQBAJ},
  isbn = {978-1-4704-7178-1},
  langid = {english}
}

@article{EscauriazaEtAl2003,
  title = {L3,{$\infty$}-Solutions of the {{Navier-Stokes}} Equations and Backward Uniqueness},
  author = {Escauriaza, L. and Seregin, G. A. and Sverak, Vladimir},
  year = {2003},
  month = apr,
  journal = {Russian Mathematical Surveys},
  volume = {58},
  number = {2},
  pages = {211},
  issn = {0036-0279},
  doi = {10.1070/RM2003v058n02ABEH000609},
  urldate = {2023-08-02},
  langid = {english}
}



@book{Tao2006,
  title = {Nonlinear {{Dispersive Equations}}: {{Local}} and {{Global Analysis}}},
  shorttitle = {Nonlinear {{Dispersive Equations}}},
  author = {Tao, Terence},
  year = {2006},
  publisher = {{American Mathematical Soc.}},
  googlebooks = {pUDiDgAAQBAJ},
  isbn = {978-0-8218-4143-3},
  langid = {english}
}
