@article{FischerMarsden1972,
  title = {The {{Einstein}} Evolution Equations as a First-Order Quasi-Linear Symmetric Hyperbolic System, {{I}}},
  author = {Fischer, Arthur E. and Marsden, Jerrold E.},
  year = {1972},
  month = oct,
  journal = {Communications in Mathematical Physics},
  volume = {28},
  number = {1},
  pages = {1--38},
  issn = {1432-0916},
  doi = {10.1007/BF02099369},
  urldate = {2024-04-25},
  langid = {english}
}

@article{HughesEtAl1977,
  title = {Well-Posed Quasi-Linear Second-Order Hyperbolic Systems with Applications to Nonlinear Elastodynamics and General Relativity},
  author = {Hughes, Thomas J. R. and Kato, Tosio and Marsden, Jerrold E.},
  year = {1977},
  month = sep,
  journal = {Archive for Rational Mechanics and Analysis},
  volume = {63},
  number = {3},
  pages = {273--294},
  issn = {1432-0673},
  doi = {10.1007/BF00251584},
  urldate = {2024-03-31},
  langid = {english}
}

@book{Sogge1995,
  title = {Lectures on {{Nonlinear Wave Equations}}},
  author = {Sogge, Christopher Donald},
  year = {1995},
  publisher = {International Press},
  googlebooks = {tlTvAAAAMAAJ},
  isbn = {978-1-57146-032-5},
  langid = {english}
}

@book{BahouriEtAl2011,
  title = {Fourier {{Analysis}} and {{Nonlinear Partial Differential Equations}}},
  author = {Bahouri, Hajer and Chemin, Jean-Yves and Danchin, Rapha{\"e}l},
  year = {2011},
  series = {Grundlehren Der Mathematischen {{Wissenschaften}}},
  volume = {343},
  publisher = {Springer},
  address = {Berlin, Heidelberg},
  doi = {10.1007/978-3-642-16830-7},
  urldate = {2023-02-07},
  isbn = {978-3-642-16829-1 978-3-642-16830-7},
  langid = {english}
}

@book{Taylor2011b,
  title = {Partial {{Differential Equations III}}: {{Nonlinear Equations}}},
  shorttitle = {Partial {{Differential Equations III}}},
  author = {Taylor, Michael E.},
  year = {2011},
  series = {Applied {{Mathematical Sciences}}},
  volume = {117},
  publisher = {Springer},
  address = {New York, NY},
  doi = {10.1007/978-1-4419-7049-7},
  urldate = {2023-06-18},
  isbn = {978-1-4419-7048-0 978-1-4419-7049-7},
  langid = {english}
}


@article{IfrimTataru2022b,
  title = {Local Well-Posedness for Quasi-Linear Problems: {{A}} Primer},
  shorttitle = {Local Well-Posedness for Quasi-Linear Problems},
  author = {Ifrim, Mihaela and Tataru, Daniel},
  year = {2022},
  month = jul,
  journal = {Bulletin of the American Mathematical Society},
  volume = {60},
  number = {2},
  pages = {167--194},
  issn = {0273-0979, 1088-9485},
  doi = {10.1090/bull/1775},
  urldate = {2024-05-11},
  copyright = {https://www.ams.org/publications/copyright-and-permissions},
  langid = {english}
}

@article{hadamard,
	Author = {Hadamard, J.},
	Citeulike-Article-Id = {7133163},
	Journal = {Princeton University Bulletin},
	Keywords = {ill-posed, problem},
	Pages = {49-52},
	Title = {Sur les probl\`{e}mes aux d\'{e}riv\'{e}s partielles et leur signification physique},
	Volume = {13},
	Year = {1902}}