@book{Lee2012,
  title = {Introduction to {{Smooth Manifolds}}},
  author = {Lee, John M.},
  year = {2012},
  series = {Graduate {{Texts}} in {{Mathematics}}},
  volume = {218},
  publisher = {{Springer}},
  address = {{New York, NY}},
  doi = {10.1007/978-1-4419-9982-5},
  urldate = {2023-08-20},
  isbn = {978-1-4419-9981-8 978-1-4419-9982-5},
  langid = {english}
}
