@book{BahouriEtAl2011,
  title = {Fourier {{Analysis}} and {{Nonlinear Partial Differential Equations}}},
  author = {Bahouri, Hajer and Chemin, Jean-Yves and Danchin, Rapha{\"e}l},
  year = {2011},
  series = {Grundlehren Der Mathematischen {{Wissenschaften}}},
  volume = {343},
  publisher = {{Springer}},
  address = {{Berlin, Heidelberg}},
  doi = {10.1007/978-3-642-16830-7},
  urldate = {2023-02-07},
  isbn = {978-3-642-16829-1 978-3-642-16830-7},
  langid = {english}
}


@book{Stein16,
  title={Singular Integrals and Differentiability Properties of Functions (PMS-30), Volume 30},
  author={Stein, E.M.},
  isbn={9781400883882},
  series={Princeton Mathematical Series},
  url={https://books.google.com/books?id=\_9wDDAAAQBAJ},
  year={2016},
  publisher={Princeton University Press}
}

@book{WangEtAl2011,
  title = {Harmonic {{Analysis Method}} for {{Nonlinear Evolution Equations}}, {{I}}},
  author = {Wang, Baoxiang and Huo, Zhaohui and Hao, Chengchun and Guo, Zihua},
  year = {2011},
  publisher = {{World Scientific}},
  googlebooks = {11O6CgAAQBAJ},
  isbn = {978-981-4360-74-6},
  langid = {english}
}

@book{Tao2006,
  title = {Nonlinear {{Dispersive Equations}}: {{Local}} and {{Global Analysis}}},
  shorttitle = {Nonlinear {{Dispersive Equations}}},
  author = {Tao, Terence},
  year = {2006},
  publisher = {{American Mathematical Soc.}},
  googlebooks = {pUDiDgAAQBAJ},
  isbn = {978-0-8218-4143-3},
  langid = {english}
}

@book{Grafakos2014a,
  title = {Modern {{Fourier Analysis}}},
  author = {Grafakos, Loukas},
  year = {2014},
  series = {Graduate {{Texts}} in {{Mathematics}}},
  volume = {250},
  publisher = {{Springer}},
  address = {{New York, NY}},
  doi = {10.1007/978-1-4939-1230-8},
  urldate = {2023-06-26},
  isbn = {978-1-4939-1229-2 978-1-4939-1230-8},
  langid = {english}
}

@article{Palasek2022,
  title = {A {{Minimum Critical Blowup Rate}} for the {{High-Dimensional Navier}}\textendash{{Stokes Equations}}},
  author = {Palasek, Stan},
  year = {2022},
  month = oct,
  journal = {Journal of Mathematical Fluid Mechanics},
  volume = {24},
  number = {4},
  pages = {108},
  issn = {1422-6952},
  doi = {10.1007/s00021-022-00741-z},
  urldate = {2023-05-21},
  langid = {english}
}


@misc{Tao2020,
  title = {Quantitative Bounds for Critically Bounded Solutions to the {{Navier-Stokes}} Equations},
  author = {Tao, Terence},
  year = {2020},
  month = jul,
  number = {arXiv:1908.04958},
  eprint = {1908.04958},
  primaryclass = {math},
  publisher = {{arXiv}},
  doi = {10.48550/arXiv.1908.04958},
  urldate = {2023-06-06},
  archiveprefix = {arxiv}
}

