@book{KochEtAl2014,
  title = {Dispersive {{Equations}} and {{Nonlinear Waves}}: {{Generalized Korteweg}}\textendash de {{Vries}}, {{Nonlinear Schr\"odinger}}, {{Wave}} and {{Schr\"odinger Maps}}},
  shorttitle = {Dispersive {{Equations}} and {{Nonlinear Waves}}},
  author = {Koch, Herbert and Tataru, Daniel and Vi{\c s}an, Monica},
  year = {2014},
  series = {Oberwolfach {{Seminars}}},
  volume = {45},
  publisher = {{Springer}},
  address = {{Basel}},
  doi = {10.1007/978-3-0348-0736-4},
  urldate = {2023-09-22},
  isbn = {978-3-0348-0735-7 978-3-0348-0736-4},
  langid = {english}
}

@article{SterbenzTataru2010,
  title = {Regularity of {{Wave-Maps}} in Dimension 2+1},
  author = {Sterbenz, Jacob and Tataru, Daniel},
  year = {2010},
  month = aug,
  journal = {Communications in Mathematical Physics},
  volume = {298},
  number = {1},
  eprint = {0907.3148},
  primaryclass = {math-ph},
  pages = {231--264},
  issn = {0010-3616, 1432-0916},
  doi = {10.1007/s00220-010-1062-3},
  urldate = {2023-02-07},
  archiveprefix = {arxiv}
}

@article{SterbenzTataru2010a,
  title = {Energy {{Dispersed Large Data Wave Maps}} in 2~+~1 {{Dimensions}}},
  author = {Sterbenz, Jacob and Tataru, Daniel},
  year = {2010},
  month = aug,
  journal = {Communications in Mathematical Physics},
  volume = {298},
  number = {1},
  pages = {139--230},
  issn = {1432-0916},
  doi = {10.1007/s00220-010-1061-4},
  urldate = {2023-09-08},
  langid = {english}
}


@book{Tao2006,
  title = {Nonlinear {{Dispersive Equations}}: {{Local}} and {{Global Analysis}}},
  shorttitle = {Nonlinear {{Dispersive Equations}}},
  author = {Tao, Terence},
  year = {2006},
  publisher = {{American Mathematical Soc.}},
  googlebooks = {pUDiDgAAQBAJ},
  isbn = {978-0-8218-4143-3},
  langid = {english}
}

@article {Tataru2005,
    AUTHOR = {Tataru, Daniel},
     TITLE = {Rough solutions for the wave maps equation},
   JOURNAL = {Amer. J. Math.},
  FJOURNAL = {American Journal of Mathematics},
    VOLUME = {127},
      YEAR = {2005},
    NUMBER = {2},
     PAGES = {293--377},
      ISSN = {0002-9327,1080-6377},
   MRCLASS = {58J45 (35B30 35L15)},
  MRNUMBER = {2130618},
MRREVIEWER = {Terence\ Tao},
       URL =
              {http://muse.jhu.edu/journals/american_journal_of_mathematics/v127/127.2tataru.pdf},
}

@article {Tao2001,
    AUTHOR = {Tao, Terence},
     TITLE = {Global regularity of wave maps. {II}. {S}mall energy in two
              dimensions},
   JOURNAL = {Comm. Math. Phys.},
  FJOURNAL = {Communications in Mathematical Physics},
    VOLUME = {224},
      YEAR = {2001},
    NUMBER = {2},
     PAGES = {443--544},
      ISSN = {0010-3616,1432-0916},
   MRCLASS = {58J45 (35B60 35B65 35L15 58J47)},
  MRNUMBER = {1869874},
MRREVIEWER = {Joachim\ Krieger},
       DOI = {10.1007/PL00005588},
       URL = {https://doi.org/10.1007/PL00005588},
}
