@book{GilbargTrudinger2001,
  title = {Elliptic {{Partial Differential Equations}} of {{Second Order}}},
  author = {Gilbarg, David and Trudinger, Neil S.},
  year = {2001},
  series = {Classics in {{Mathematics}}},
  volume = {224},
  publisher = {{Springer}},
  address = {{Berlin, Heidelberg}},
  doi = {10.1007/978-3-642-61798-0},
  urldate = {2023-07-25},
  isbn = {978-3-540-41160-4 978-3-642-61798-0},
  langid = {english}
}

@book{Evans2010,
  title = {Partial {{Differential Equations}}},
  author = {Evans, Lawrence C.},
  year = {2010},
  month = mar,
  publisher = {{American Mathematical Society}},
  googlebooks = {Ott1EAAAQBAJ},
  isbn = {978-1-4704-6942-9},
  langid = {english}
}
