@book{Tao2006,
  title = {Nonlinear {{Dispersive Equations}}: {{Local}} and {{Global Analysis}}},
  shorttitle = {Nonlinear {{Dispersive Equations}}},
  author = {Tao, Terence},
  year = {2006},
  publisher = {{American Mathematical Soc.}},
  googlebooks = {pUDiDgAAQBAJ},
  isbn = {978-0-8218-4143-3},
  langid = {english}
}



@book{Stein16,
  title={Singular Integrals and Differentiability Properties of Functions (PMS-30), Volume 30},
  author={Stein, E.M.},
  isbn={9781400883882},
  series={Princeton Mathematical Series},
  year={2016},
  publisher={Princeton University Press}
}

@article{Hedberg,
 ISSN = {00029939, 10886826},
 URL = {http://www.jstor.org/stable/2039187},
 author = {Lars Inge Hedberg},
 journal = {Proceedings of the American Mathematical Society},
 number = {2},
 pages = {505--510},
 publisher = {American Mathematical Society},
 title = {On Certain Convolution Inequalities},
 volume = {36},
 year = {1972}
}
