@article{GustafsonEtAl2010,
  title = {Asymptotic {{Stability}}, {{Concentration}}, and {{Oscillation}} in {{Harmonic Map Heat-Flow}}, {{Landau-Lifshitz}}, and {{Schr{\"o}dinger Maps}} on \$\$\{{\textbackslash}mathbb \vphantom\}{{R}}{\textasciicircum}2\vphantom\{\}\$\$},
  author = {Gustafson, Stephen and Nakanishi, Kenji and Tsai, Tai-Peng},
  year = {2010},
  month = nov,
  journal = {Communications in Mathematical Physics},
  volume = {300},
  number = {1},
  pages = {205--242},
  issn = {1432-0916},
  doi = {10.1007/s00220-010-1116-6},
  urldate = {2024-09-03},
  langid = {english}
}

@article{gustafson2007schrodinger,
  title={Schr{\"o}dinger flow near harmonic maps},
  author={Gustafson, Stephen and Kang, Kyungkeun and Tsai, Tai-Peng},
  journal={Communications on Pure and Applied Mathematics: A Journal Issued by the Courant Institute of Mathematical Sciences},
  volume={60},
  number={4},
  pages={463--499},
  year={2007},
  publisher={Wiley Online Library}
}

@article{bejenaru2024near,
  title={Near soliton evolution for $2 $-equivariant Schr$\backslash$" odinger Maps in two space dimensions},
  author={Bejenaru, Ioan and Pillai, Mohandas and Tataru, Daniel},
  journal={arXiv preprint arXiv:2408.16973},
  year={2024}
}

@book{BejenaruTataru2014,
  title = {Near {{Soliton Evolution}} for {{Equivariant Schrodinger Maps}} in {{Two Spatial Dimensions}}},
  author = {Bejenaru, Ioan and Tataru, Daniel},
  year = {2014},
  month = mar,
  publisher = {American Mathematical Soc.},
  isbn = {978-0-8218-9215-2},
  langid = {english}
}


@book{Tao2006,
  title = {Nonlinear {{Dispersive Equations}}: {{Local}} and {{Global Analysis}}},
  shorttitle = {Nonlinear {{Dispersive Equations}}},
  author = {Tao, Terence},
  year = {2006},
  publisher = {{American Mathematical Soc.}},
  googlebooks = {pUDiDgAAQBAJ},
  isbn = {978-0-8218-4143-3},
  langid = {english}
}


@article{Landau:1935qbc,
    author = "Landau, Lev Davidovich and Lifstatz, E.",
    editor = "ter Haar, D.",
    title = "{On the Theory of the Dispersion of Magnetic Permeability in Ferromagnetic Bodies}",
    doi = "10.1016/b978-0-08-010586-4.50023-7",
    journal = "Phys. Z. Sowjetunion",
    volume = "8",
    year = "1935"
}

@book{KochEtAl2014,
  title = {Dispersive {{Equations}} and {{Nonlinear Waves}}: {{Generalized Korteweg}}--de {{Vries}}, {{Nonlinear Schr{\"o}dinger}}, {{Wave}} and {{Schr{\"o}dinger Maps}}},
  shorttitle = {Dispersive {{Equations}} and {{Nonlinear Waves}}},
  author = {Koch, Herbert and Tataru, Daniel and Vi{\c s}an, Monica},
  year = {2014},
  series = {Oberwolfach {{Seminars}}},
  volume = {45},
  publisher = {Springer},
  address = {Basel},
  doi = {10.1007/978-3-0348-0736-4},
  urldate = {2023-09-22},
  isbn = {978-3-0348-0735-7 978-3-0348-0736-4},
  langid = {english}
}

@article{merle2011blow,
  title={Blow up dynamics for smooth equivariant solutions to the energy critical Schr{\"o}dinger map},
  author={Merle, Frank and Rapha{\"e}l, Pierre and Rodnianski, Igor},
  journal={Comptes Rendus Math{\'e}matique},
  volume={349},
  number={5-6},
  pages={279--283},
  year={2011},
  publisher={Elsevier}
}

@article{perelman2014blow,
  title={Blow up dynamics for equivariant critical Schr{\"o}dinger maps},
  author={Perelman, Galina},
  journal={Communications in Mathematical Physics},
  volume={330},
  pages={69--105},
  year={2014},
  publisher={Springer}
}

@incollection {MR2528734,
    AUTHOR = {Guan, Meijiao and Gustafson, Stephen and Kang, Kyungkeun and
              Tsai, Tai-Peng},
     TITLE = {Global questions for map evolution equations},
 BOOKTITLE = {Singularities in {PDE} and the calculus of variations},
    SERIES = {CRM Proc. Lecture Notes},
    VOLUME = {44},
     PAGES = {61--74},
 PUBLISHER = {Amer. Math. Soc., Providence, RI},
      YEAR = {2008},
      ISBN = {978-0-8218-4350-5},
   MRCLASS = {58E20 (35K55 53C44)},
  MRNUMBER = {2528734},
MRREVIEWER = {Roger\ Moser},
       DOI = {10.1090/crmp/044/05},
       URL = {https://doi.org/10.1090/crmp/044/05},
}

@article{tao2000spherically,
  title={Spherically averaged endpoint Strichartz estimates for the twodimensional Schr{\"o}dinger equation},
  author={Tao, Terence},
  journal={Communications in Partial Differential Equations},
  volume={25},
  number={7-8},
  pages={1471--1485},
  year={2000},
  publisher={Taylor \& Francis}
}

@article{BurqEtAl2004,
  title = {Strichartz {{Estimates}} for the {{Wave}} and {{Schr{\"o}dinger Equations}} with {{Potentials}} of {{Critical Decay}}},
  author = {Burq, Nicolas and Planchon, Fabrice and Stalker, John G. and {Tahvildar-Zadeh}, A. Shadi},
  year = {2004},
  journal = {Indiana University Mathematics Journal},
  volume = {53},
  number = {6},
  eprint = {24903549},
  eprinttype = {jstor},
  pages = {1665--1680},
  publisher = {Indiana University Mathematics Department},
  issn = {0022-2518},
  urldate = {2024-05-18}
}

@book{Helein2002,
  title = {Harmonic {{Maps}}, {{Conservation Laws}} and {{Moving Frames}}},
  author = {H{\'e}lein, Fr{\'e}d{\'e}ric},
  year = {2002},
  series = {Cambridge {{Tracts}} in {{Mathematics}}},
  edition = {2},
  publisher = {Cambridge University Press},
  address = {Cambridge},
  doi = {10.1017/CBO9780511543036},
  urldate = {2023-02-07},
  isbn = {978-0-521-81160-6}
}

@article{ChangEtAl2000,
  title = {{Schr{\"o}dinger maps}},
  author = {Chang, Nai-Heng and Shatah, Jalal and Uhlenbeck, Karen},
  year = {2000},
  journal = {Communications on Pure and Applied Mathematics},
  volume = {53},
  number = {5},
  pages = {590--602},
  issn = {1097-0312},
  doi = {10.1002/(SICI)1097-0312(200005)53:5<590::AID-CPA2>3.0.CO;2-R},
  urldate = {2024-10-28},
  copyright = {Copyright {\copyright} 2000 John Wiley \& Sons, Inc.},
  langid = {ngerman}
}


@book{MajdaBertozzi2002,
  title = {Vorticity and {{Incompressible Flow}}},
  author = {Majda, Andrew J. and Bertozzi, Andrea L.},
  year = {2002},
  publisher = {Cambridge University Press},
  googlebooks = {Lmcz0uwHj\_8C},
  isbn = {978-0-521-63948-4},
  langid = {english}
}
