@article{Kato1975,
  title = {The {{Cauchy}} Problem for Quasi-Linear Symmetric Hyperbolic Systems},
  author = {Kato, Tosio},
  year = {1975},
  month = sep,
  journal = {Archive for Rational Mechanics and Analysis},
  volume = {58},
  number = {3},
  pages = {181--205},
  issn = {1432-0673},
  doi = {10.1007/BF00280740},
  urldate = {2024-05-14},
  langid = {english}
}

@article{Tataru2008,
  title = {Parametrices and {{Dispersive Estimates}} for {{Schr{\"o}dinger Operators}} with {{Variable Coefficients}}},
  author = {Tataru, Daniel},
  year = {2008},
  journal = {American Journal of Mathematics},
  volume = {130},
  number = {3},
  eprint = {40068142},
  eprinttype = {jstor},
  pages = {571--634},
  issn = {0002-9327},
  urldate = {2023-11-01}
}

@article{MetcalfeSogge2006,
  title = {Long-{{Time Existence}} of {{Quasilinear Wave Equations Exterior}} to {{Star-Shaped Obstacles}} via {{Energy Methods}}},
  author = {Metcalfe, Jason and Sogge, Christopher D.},
  year = {2006},
  month = jan,
  journal = {SIAM Journal on Mathematical Analysis},
  volume = {38},
  number = {1},
  pages = {188--209},
  publisher = {{Society for Industrial and Applied Mathematics}},
  issn = {0036-1410},
  doi = {10.1137/050627149},
  urldate = {2024-05-23}
}

@article{Tataru2013,
  title = {Local Decay of Waves on Asymptotically Flat Stationary Space-Times},
  author = {Tataru, Daniel},
  year = {2013},
  month = apr,
  journal = {American Journal of Mathematics},
  volume = {135},
  number = {2},
  pages = {361--401},
  issn = {1080-6377},
  doi = {10.1353/ajm.2013.0012},
  urldate = {2024-05-23},
  langid = {english}
}


@article{MetcalfeEtAl2020a,
  title = {Local Energy Decay for Scalar Fields on Time Dependent Non-Trapping Backgrounds},
  author = {Metcalfe, Jason and Sterbenz, Jacob and Tataru, Daniel},
  year = {2020},
  journal = {American Journal of Mathematics},
  volume = {142},
  number = {3},
  pages = {821--883},
  issn = {1080-6377},
  doi = {10.1353/ajm.2020.0019},
  urldate = {2024-05-23},
  langid = {english}
}



@article{Kato1965,
  title = {Wave Operators and Similarity for Some Non-Selfadjoint Operators},
  author = {Kato, Tosio},
  year = {1965},
  journal = {Mathematische Annalen},
  volume = {162},
  pages = {258--279},
  issn = {0025-5831,1432-1807},
  doi = {10.1007/BF01360915},
  mrnumber = {190801}
}

@article{BurqEtAl2004,
  title = {Strichartz {{Estimates}} for the {{Wave}} and {{Schr{\"o}dinger Equations}} with {{Potentials}} of {{Critical Decay}}},
  author = {Burq, Nicolas and Planchon, Fabrice and Stalker, John G. and {Tahvildar-Zadeh}, A. Shadi},
  year = {2004},
  journal = {Indiana University Mathematics Journal},
  volume = {53},
  number = {6},
  eprint = {24903549},
  eprinttype = {jstor},
  pages = {1665--1680},
  publisher = {Indiana University Mathematics Department},
  issn = {0022-2518},
  urldate = {2024-05-18}
}

@article{MarzuolaEtAl2008,
  title = {Strichartz Estimates and Local Smoothing Estimates for Asymptotically Flat {{Schr{\"o}dinger}} Equations},
  author = {Marzuola, Jeremy and Metcalfe, Jason and Tataru, Daniel},
  year = {2008},
  month = sep,
  journal = {Journal of Functional Analysis},
  volume = {255},
  number = {6},
  pages = {1497--1553},
  issn = {0022-1236},
  doi = {10.1016/j.jfa.2008.05.022},
  urldate = {2023-09-14}
}

@book{Sogge1995,
  title = {Lectures on {{Nonlinear Wave Equations}}},
  author = {Sogge, Christopher Donald},
  year = {1995},
  publisher = {International Press},
  googlebooks = {tlTvAAAAMAAJ},
  isbn = {978-1-57146-032-5},
  langid = {english}
}


@book{ShatahStruwe2000,
  title = {Geometric {{Wave Equations}}},
  author = {Shatah, Jalal M. Ihsan and Struwe, Michael},
  year = {2000},
  series = {Courant Lecture Notes in Mathematics},
  publisher = {American Mathematical Soc.},
  isbn = {978-0-8218-2749-9},
  langid = {english}
}


@article{MetcalfeTataru2012,
  title = {Global Parametrices and Dispersive Estimates for Variable Coefficient Wave Equations},
  author = {Metcalfe, Jason and Tataru, Daniel},
  year = {2012},
  month = aug,
  journal = {Mathematische Annalen},
  volume = {353},
  number = {4},
  pages = {1183--1237},
  issn = {1432-1807},
  doi = {10.1007/s00208-011-0714-8},
  urldate = {2024-05-14},
  langid = {english}
}

@article{Morawetz1997,
  title = {Time Decay for the Nonlinear {{Klein-Gordon}} Equation},
  author = {Morawetz, Cathleen S.},
  year = {1997},
  month = jan,
  journal = {Proceedings of the Royal Society of London. Series A. Mathematical and Physical Sciences},
  volume = {306},
  number = {1486},
  pages = {291--296},
  publisher = {Royal Society},
  doi = {10.1098/rspa.1968.0151},
  urldate = {2024-05-18}
}


@book{Tao2006,
  title = {Nonlinear {{Dispersive Equations}}: {{Local}} and {{Global Analysis}}},
  shorttitle = {Nonlinear {{Dispersive Equations}}},
  author = {Tao, Terence},
  year = {2006},
  publisher = {{American Mathematical Soc.}},
  googlebooks = {pUDiDgAAQBAJ},
  isbn = {978-0-8218-4143-3},
  langid = {english}
}

@misc{SterbenzRodnianski2005,
  title = {Angular {{Regularity}} and {{Strichartz Estimates}} for the {{Wave Equation}}},
  author = {Sterbenz, Jacob and Rodnianski, Igor},
  year = {2005},
  month = mar,
  number = {arXiv:math/0402192},
  eprint = {math/0402192},
  publisher = {arXiv},
  urldate = {2024-05-14},
  archiveprefix = {arxiv},
  langid = {english}
}
