@book{BahouriEtAl2011,
  title = {Fourier {{Analysis}} and {{Nonlinear Partial Differential Equations}}},
  author = {Bahouri, Hajer and Chemin, Jean-Yves and Danchin, Rapha{\"e}l},
  year = {2011},
  series = {Grundlehren Der Mathematischen {{Wissenschaften}}},
  volume = {343},
  publisher = {{Springer}},
  address = {{Berlin, Heidelberg}},
  doi = {10.1007/978-3-642-16830-7},
  urldate = {2023-02-07},
  isbn = {978-3-642-16829-1 978-3-642-16830-7},
  langid = {english}
}

@article{JendrejLawrie2023,
  title = {Soliton {{Resolution}} for the {{Energy-Critical Nonlinear Wave Equation}} in the {{Radial Case}}},
  author = {Jendrej, Jacek and Lawrie, Andrew},
  year = {2023},
  month = oct,
  journal = {Annals of PDE},
  volume = {9},
  number = {2},
  pages = {18},
  issn = {2199-2576},
  doi = {10.1007/s40818-023-00159-4},
  urldate = {2024-03-21},
  langid = {english}
}


@book{LinWang2008,
  title = {The {{Analysis}} of {{Harmonic Maps}} and {{Their Heat Flows}}},
  author = {Lin, Fanghua and Wang, Changyou},
  year = {2008},
  publisher = {World Scientific},
  googlebooks = {0jppDQAAQBAJ},
  isbn = {978-981-277-952-6},
  langid = {english}
}


@article{Struwe2003,
  title = {Equivariant Wave Maps in Two Space Dimensions},
  author = {Struwe, Michael},
  year = {2003},
  journal = {Communications on Pure and Applied Mathematics},
  volume = {56},
  number = {7},
  pages = {815--823},
  issn = {1097-0312},
  doi = {10.1002/cpa.10074},
  urldate = {2024-03-21},
  copyright = {Copyright {\copyright} 2003 Wiley Periodicals, Inc.},
  langid = {english}
}


@article{KenigMerle2008,
  title = {Global Well-Posedness, Scattering and Blow-up for the Energy-Critical Focusing Non-Linear Wave Equation},
  author = {Kenig, Carlos E. and Merle, Frank},
  year = {2008},
  month = jan,
  journal = {Acta Mathematica},
  volume = {201},
  number = {2},
  pages = {147--212},
  publisher = {{Institut Mittag-Leffler}},
  issn = {0001-5962, 1871-2509},
  doi = {10.1007/s11511-008-0031-6},
  urldate = {2023-09-16}
}

@article{SterbenzTataru2010,
  title = {Regularity of {{Wave-Maps}} in Dimension 2+1},
  author = {Sterbenz, Jacob and Tataru, Daniel},
  year = {2010},
  month = aug,
  journal = {Communications in Mathematical Physics},
  volume = {298},
  number = {1},
  eprint = {0907.3148},
  primaryclass = {math-ph},
  pages = {231--264},
  issn = {0010-3616, 1432-0916},
  doi = {10.1007/s00220-010-1062-3},
  urldate = {2023-02-07},
  archiveprefix = {arxiv}
}

@article{SterbenzTataru2010a,
  title = {Energy {{Dispersed Large Data Wave Maps}} in 2~+~1 {{Dimensions}}},
  author = {Sterbenz, Jacob and Tataru, Daniel},
  year = {2010},
  month = aug,
  journal = {Communications in Mathematical Physics},
  volume = {298},
  number = {1},
  pages = {139--230},
  issn = {1432-0916},
  doi = {10.1007/s00220-010-1061-4},
  urldate = {2023-09-08},
  langid = {english}
}



@article{OhTataru2016,
  title = {Global Well-Posedness and Scattering of the (4+1)-Dimensional {{Maxwell-Klein-Gordon}} Equation},
  author = {Oh, Sung-Jin and Tataru, Daniel},
  year = {2016},
  month = sep,
  journal = {Inventiones mathematicae},
  volume = {205},
  number = {3},
  pages = {781--877},
  issn = {1432-1297},
  doi = {10.1007/s00222-016-0646-8},
  urldate = {2023-11-02},
  langid = {english}
}


@book{Tao2006,
  title = {Nonlinear {{Dispersive Equations}}: {{Local}} and {{Global Analysis}}},
  shorttitle = {Nonlinear {{Dispersive Equations}}},
  author = {Tao, Terence},
  year = {2006},
  publisher = {{American Mathematical Soc.}},
  googlebooks = {pUDiDgAAQBAJ},
  isbn = {978-0-8218-4143-3},
  langid = {english}
}
