@article{hadamard,
	Author = {Hadamard, J.},
	Citeulike-Article-Id = {7133163},
	Journal = {Princeton University Bulletin},
	Keywords = {ill-posed, problem},
	Pages = {49-52},
	Title = {Sur les probl\`{e}mes aux d\'{e}riv\'{e}s partielles et leur signification physique},
	Volume = {13},
	Year = {1902}}
	
@book{Tao2006,
  title = {Nonlinear {{Dispersive Equations}}: {{Local}} and {{Global Analysis}}},
  shorttitle = {Nonlinear {{Dispersive Equations}}},
  author = {Tao, Terence},
  year = {2006},
  publisher = {{American Mathematical Soc.}},
  isbn = {978-0-8218-4143-3},
  langid = {english}
}
